# $Id: references.bib 1789 2010-09-28 16:30:23Z jabriffa $

# This file contains bibliography entries in BibTeX format. Examples are
# provided of the more common entry types.

